<?xml version="1.0" encoding="UTF-8"?><collection xmlns="http://www.loc.gov/MARC21/slim"><record><leader>00632nam--2200181-i-4500</leader><controlfield tag="001">000023052</controlfield><controlfield tag="002">20161230</controlfield><controlfield tag="005">20161230201034</controlfield><controlfield tag="008">060222s1000------------r-----000-0-eng-d</controlfield><datafield ind1=" " ind2=" " tag="040"><subfield code="a">IFIN-HH</subfield></datafield><datafield ind1=" " ind2=" " tag="080"><subfield code="a">539.131:061.3</subfield></datafield><datafield ind1="1" ind2=" " tag="100"><subfield code="a">Yang,C.N</subfield></datafield><datafield ind1="1" ind2="0" tag="245"><subfield code="a">High energy collisions</subfield><subfield code="b">Third international conference held at state university of new york, ston brook, september 5 and 6, 1969</subfield><subfield code="c">C.n. yang, j.a. cole, m. good, r. hwa, j. lee-franzini</subfield></datafield><datafield ind1=" " ind2=" " tag="260"><subfield code="a">New York</subfield><subfield code="b">Gordon And Breach Science Publishers, Inc</subfield><subfield code="c">1969</subfield></datafield><datafield ind1=" " ind2=" " tag="300"><subfield code="a">VII + 525 P</subfield></datafield><datafield ind1="1" ind2=" " tag="700"><subfield code="a">Lee-franzini, J</subfield></datafield><datafield ind1=" " ind2=" " tag="852"><subfield code="a">34778</subfield><subfield code="c">539.131</subfield></datafield><datafield ind1=" " ind2=" " tag="CAT"><subfield code="a">Sys</subfield><subfield code="c">20120301</subfield><subfield code="h">104103</subfield></datafield></record></collection>